<record><leader>00000cas a22000007a 4500</leader><controlfield tag="001">23237111</controlfield><controlfield tag="008">910313d19591961nyuwn ne      0    0eng d</controlfield><datafield ind1=" " ind2=" " tag="010"><subfield code="a">sn 91066022 </subfield></datafield><datafield ind1=" " ind2=" " tag="040"><subfield code="a">NYS</subfield><subfield code="b">eng</subfield><subfield code="c">NYS</subfield><subfield code="d">OCLCQ</subfield><subfield code="d">OCLCG</subfield><subfield code="d">OCLCQ</subfield></datafield><datafield ind1=" " ind2=" " tag="042"><subfield code="a">msc</subfield></datafield><datafield ind1="0" ind2=" " tag="130"><subfield code="a">News for you (Syracuse, N.Y. : 1959)</subfield></datafield><datafield ind1="1" ind2="0" tag="245"><subfield code="a">News for you.</subfield></datafield><datafield ind1=" " ind2=" " tag="260"><subfield code="a">Syracuse, N.Y. :</subfield><subfield code="b">Syracuse University School of Journalism,</subfield><subfield code="c">1959-1961.</subfield></datafield><datafield ind1=" " ind2=" " tag="300"><subfield code="a">4 v. ;</subfield><subfield code="c">26-36 cm.</subfield></datafield><datafield ind1=" " ind2=" " tag="310"><subfield code="a">Weekly (during school year)</subfield></datafield><datafield ind1="0" ind2=" " tag="362"><subfield code="a">Vol. 1, no. 1 (Feb. 22, 1959)-v. 4, no. 15 (May 17, 1961).</subfield></datafield><datafield ind1=" " ind2=" " tag="500"><subfield code="a">Published by: Robert S. Laubach, -1961.</subfield></datafield><datafield ind1=" " ind2="4" tag="651"><subfield code="a">Syracuse (N.Y.)</subfield><subfield code="v">Newspapers.</subfield></datafield><datafield ind1="1" ind2=" " tag="700"><subfield code="a">Laubach, Robert S.</subfield><subfield code="q">(Robert Seely),</subfield><subfield code="d">1918-</subfield></datafield><datafield ind1=" " ind2=" " tag="752"><subfield code="a">United States</subfield><subfield code="b">New York</subfield><subfield code="c">Onondaga</subfield><subfield code="d">Syracuse.</subfield></datafield><datafield ind1="0" ind2="6" tag="785"><subfield code="t">News for you (Syracuse, N.Y. : Ed. A)</subfield><subfield code="x">0162-8518</subfield><subfield code="w">(DLC)sn 79005620</subfield><subfield code="w">(OCoLC)4239847</subfield></datafield><datafield ind1="0" ind2="6" tag="785"><subfield code="t">News for you (Syracuse, N.Y. : Ed. B)</subfield><subfield code="x">0162-850X</subfield><subfield code="w">(DLC)sn 79005621</subfield><subfield code="w">(OCoLC)4239910</subfield></datafield><datafield ind1="1" ind2=" " tag="029"><subfield code="a">AU@</subfield><subfield code="b">000025901945</subfield></datafield></record>